@book{Cormen,
 author = {Cormen, Thomas H. and Stein, Clifford and Rivest, Ronald L. and Leiserson, Charles E.},
 title = {Introduction to Algorithms},
 year = {2001},
 isbn = {0070131511},
 edition = {2nd},
 publisher = {McGraw-Hill Higher Education},
 howpublished = "\url{http://serverbob.3x.ro/IA/DDU0147.html}"
}

@misc{coursera,
  title = {Coursera},
  howpublished = "\url{http://coursera.org}"
}
